@article{innocenzi:survivable,
	author = {Davide Innocenzi},
	title = {Realizzazione di un sistema di autenticazione FIDO2 per architetture distribuite},
	year = {2021},
} 

@article{magnanini:survivable,
	author = {Magnanini, Federico and Ferretti, Luca and Colajanni, Michele},
	title = {\href{https://link.springer.com/chapter/10.1007/978-3-030-94029-4_13}{Flexible and Survivable Single Sign-On}},
	booktitle = {Cyberspace Safety and Security},
	year = {2022},
	url = {https://link.springer.com/chapter/10.1007/978-3-030-94029-4_13}
} 

@online{solokeys:code,
	title = {\href{https://github.com/solokeys/solo1}{Solokeys/solo1: Solo 1 firmware in C}}, 
	url = {https://github.com/solokeys/solo1}, 
	journal = {GitHub}, 
	author = {Solokeys}
}

@online{yubico:fido,
	title = {\href{https://github.com/Yubico/python-fido2}{Yubico's FIDO2 Python Implementation}}, 
	url = {https://github.com/Yubico/python-fido2}, 
	journal = {GitHub}, 
	author = {Yubico}
}


@online{fido:signature_counter,
	title = {\href{https://www.w3.org/TR/webauthn-2/#sctn-sign-counter}{Signature counter considerations}}, 
	url = {https://www.w3.org/TR/webauthn-2/#sctn-sign-counter}, 
	journal = {W3}, 
	author = {FIDO Alliance},
	year = {8 April 2021}
}


@online{fido:credential_id,
	title = {\href{https://www.w3.org/TR/webauthn-2/#credential-id}{Credential Id definition}}, 
	url = {https://www.w3.org/TR/webauthn-2/#credential-id}, 
	journal = {W3}, 
	author = {FIDO Alliance},
	year = {8 April 2021}
}

@online{fido:ctap_commands,
	title = {\href{https://fidoalliance.org/specs/fido-v2.0-id-20180227/fido-client-to-authenticator-protocol-v2.0-id-20180227.html#commands}{CTAP2 Commands}}, 
	url = {https://fidoalliance.org/specs/fido-v2.0-id-20180227/fido-client-to-authenticator-protocol-v2.0-id-20180227.html#commands}, 
	journal = {W3}, 
	author = {FIDO Alliance},
	year = {27 February 2018}
}

@online{solo1-cli:udp_backend,
	title = {\href{https://github.com/solokeys/solo1-cli/commit/3cda1849039bb56e89846380592e9639b0dd545c}{Solo1-cli UDP Backend}}, 
	url = {https://github.com/solokeys/solo1-cli/commit/3cda1849039bb56e89846380592e9639b0dd545c}, 
	author = {Solokeys},
	year = {8 March 2022}
}

@online{yubico:resident,
	title = {\href{https://docs.yubico.com/hardware/yubikey/yk-5/tech-manual/yk5-apps.html?highlight=discoverable#fido2}{Yubico Discoverable Keys}}, 
	url = {https://docs.yubico.com/hardware/yubikey/yk-5/tech-manual/yk5-apps.html?highlight=discoverable#fido2}, 
	author = {Yubico},
	year = {2022}
}

@article{volexity:solarwinds,
	author = {Damien Cash, Matthew Meltzer, Sean Koessel, Steven Adair, Thomas Lancaster, Volexity Threat Research},
	title = {\href{https://www.volexity.com/blog/2020/12/14/dark-halo-leverages-solarwinds-compromise-to-breach-organizations/}{Dark Halo Leverages SolarWinds Compromise to Breach Organizations}},
	booktitle = {Volexity Blog},
	year = {14 December 2022},
	url = {https://www.volexity.com/blog/2020/12/14/dark-halo-leverages-solarwinds-compromise-to-breach-organizations/}
} 

@article{nsa:authentication,
	author = {National Security Agency},
	title = {Detecting abuse of authentication mechanisms. Technical Report PP-20-1485},
	booktitle = {Volexity Blog},
	year = {Dec. 2020},

}
